<?xml version="1.0" encoding="UTF-8"?><collection xmlns="http://www.loc.gov/MARC21/slim"><record><leader>00359nam--2200133-i-4500</leader><controlfield tag="001">000026069</controlfield><controlfield tag="002">20161230</controlfield><controlfield tag="005">20170107161515</controlfield><controlfield tag="008">060222s1000------------r-----000-0-eng-d</controlfield><datafield ind1=" " ind2=" " tag="245"><subfield code="a">International series of monographs in analytical chemistry</subfield></datafield><datafield ind1=" " ind2=" " tag="260"><subfield code="a">Oxford</subfield><subfield code="b">Pergamon Press</subfield><subfield code="c">1965</subfield></datafield><datafield ind1=" " ind2=" " tag="700"><subfield code="a">Pungor, Ern¿</subfield></datafield><datafield ind1=" " ind2=" " tag="852"><subfield code="a">16056</subfield></datafield><datafield ind1=" " ind2=" " tag="CAT"><subfield code="a">SYS</subfield><subfield code="c">20170107</subfield><subfield code="h">161515</subfield></datafield></record></collection>